@book{Hrasnica:PLC_design,
	author    = {H. Hrasnica and A. Haidine and R. Lehnert}, 
	title     = {Broadband PowerLine Communications Network Design},
	publisher = {John Wiley \& Sons},
	year      = {2004}
}

@article{Dib,
	author  = {L. {de M. B. A. Dib} and V. Fernandes and M. {de L. Filomeno} and M. V. Ribeiro},
	title   = {Hybrid {PLC}/wireless communication for smart grids and {Internet of Things} applications},
	journal = {IEEE Internet Things J.},
	volume  = {5},
	number  = {2},
	pages   = {655-667},
	month   = {Apr.},
	year    = {2018}}

@ARTICLE{Zhai:low, 
author={M. Y. Zhai}, 
journal={IEEE Trans. Power Del.}, 
title={Transmission characteristics of low-voltage distribution networks in {C}hina under the smart grids environment}, 
year={2011}, 
volume={26}, 
number={1}, 
pages={173-180}, 
month={Jan.},}

@ARTICLE{Lazaropoulos, 
author={A. G. Lazaropoulos and P. G. Cottis}, 
journal={IEEE Trans. Power Del.}, 
title={Transmission characteristics of overhead medium-voltage power-line communication channels}, 
year={2009}, 
volume={24}, 
number={3}, 
pages={1164-1173}, 
ISSN={0885-8977}, 
month={Jul.},}

@INPROCEEDINGS{Zajc, 
author={M. Zajc and N. Suljanovic and A. Mujcic and J. Tasic}, 
booktitle={Proc. IEEE Mediterranean Electrotechnical Conf.}, 
title={High voltage power line constraints for high speed communications}, 
year={2004}, 
volume={1}, 
number={}, 
pages={285-288}, 
month={May},}

@ARTICLE{Aquilue, 
author={R. Aquilue and M. Ribo and J. R. Regue and J. L. Pijoan and G. Sanchez}, 
journal={IEEE Trans. Power Del.}, 
title={Scattering parameters-based channel characterization and modeling for underground medium-voltage power-line communications}, 
year={2009}, 
volume={24}, 
number={3}, 
pages={1122-1131}, 
ISSN={0885-8977}, 
month={Jul.},}

@article{Amirshahi:PLC, 
	author={P. Amirshahi and M. Kavehrad}, 
	journal={IEEE J. Sel. Areas Commun.}, 
	title={High-frequency characteristics of overhead multiconductor power lines for broadband communications}, 
	year={2006}, 
	volume={24}, 
	number={7}, 
	pages={1292-1303}, 
	month={Jul.}}

@article{Tlich:Indoor, 
	author={M. Tlich and A. Zeddam and F. Moulin and F. Gauthier}, 
	journal={IEEE Trans. Power Del.}, 
	title={Indoor power-line communications channel characterization up to 100 MHz-part II: time-frequency analysis}, 
	year={2008}, 
	volume={23}, 
	number={3}, 
	pages={1402-1409}, 
	month={Jul.}}

@article{Vallejo:Vehicle_PLC, 
	author={A. B. Vallejo-Mora and J. J. Sanchez-Martinez and F. J. Canete and J. A. Cortes and L. Diez}, 
	journal={IEEE Latin America Transactions}, 
	title={Analysis of in-vehicle power line channel response}, 
	year={2011}, 
	volume={9}, 
	number={4}, 
	pages={445-450}, 
	month={Jul.}}

@ARTICLE{Barmada:Ships_PLC, 
	author={S. Barmada and L. Bellanti and M. Raugi and M. Tucci}, 
	journal={IEEE Trans. Veh. Technol.}, 
	title={Analysis of power-line communication channels in ships}, 
	year={2010}, 
	volume={59}, 
	number={7}, 
	pages={3161-3170}, 
	month={Sep.}}

@INPROCEEDINGS{Jones:Aircraft_PLC, 
	author={C. H. Jones}, 
	booktitle={Proc. IEEE Int. Symp. on Power Line Commun. Appl.}, 
	title={Communications over aircraft power lines}, 
	year={2006}, 
	volume={}, 
	number={}, 
	pages={149-154}, 
	month={}}

@ARTICLE{Gassara:Charac_PLC, 
	author={H. Gassara and F. Rouissi and A. Ghazel}, 
	journal={IEEE Trans. Electromagn. Compat.}, 
	title={Statistical characterization of the indoor low-voltage narrowband power line communication channel}, 
	year={2014}, 
	volume={56}, 
	number={1}, 
	pages={123-131}, 
	month={Jul.}}

@article{Chrysochos:MIMO_OFDM,
	title = {Optimized {MIMO-OFDM} design for narrowband-{PLC} applications in medium-voltage smart distribution grids},
	journal = {Electric Power Systems Research},
	volume = {140},
	pages = {253-262},
	year = {2016},
	number={},
	month={Feb.},
	author = {Andreas I. Chrysochos and Theofilos A. Papadopoulos and Ahmed ElSamadouny and Grigoris K. Papagiannis and Naofal Al-Dhahir}}

@ARTICLE{Galli:Wireline, 
	author={S. Galli}, 
	journal={IEEE Trans. Commun.}, 
	title={A novel approach to the statistical modeling of wireline channels}, 
	year={2011}, 
	volume={59}, 
	number={5}, 
	pages={1332-1345}, 
	month={May}}

@ARTICLE{Galli2011,
	author = {Galli, S. and Scaglione, A. and Wang, Z.},
	journal = {Proceedings of the IEEE},
	title = {For the grid and through the grid: The role of power line communications in the smart grid},
	year = {2011},
	month = {Jun.},
	volume = {99},
	number = {6},
	pages = {998-1027}
}

@standard{Anatel:PLC,
	title         = {Brazilian resolution for {PLC}},
	organization  = {ANATEL},
	number        = {527},
	year          = {2009}}

@ARTICLE{Canete:Model, 
	author={F. J. Canete and L. Diez and J. A. Cortes and J. T. Entrambasaguas}, 
	journal={IEEE Trans. Consum. Electron.}, 
	title={Broadband modelling of indoor power-line channels}, 
	year={2002}, 
	volume={48}, 
	number={1}, 
	pages={175-183},  
	month={Feb.} }

@ARTICLE{Canete:PLC, 
	author={F. J. Canete and J. A. Cortes and L. Diez and J. T. Entrambasaguas}, 
	journal={IEEE Commun. Mag.}, 
	title={A channel model proposal for indoor power line communications}, 
	year={2011}, 
	volume={49}, 
	number={12}, 
	pages={166-174}, 
	month={Dec.}}

@INPROCEEDINGS{Cortes:PLC, 
	author={J. A. Cortes and F. J. Canete and L. Díez and J. L. G. Moreno}, 
	booktitle={Proc. IEEE Int. Symp. on Power Line Commun. Appl.}, 
	title={On the statistical properties of indoor power line channels: measurements and models}, 
	year={2011}, 
	volume={}, 
	number={}, 
	pages={271-276}, 
	month={Apr.}}

@INPROCEEDINGS{GalliUS, 
author={S. Galli}, 
booktitle={Proc. IEEE Int. Symp. on Power Line Commun. Appl.}, 
title={A simplified model for the indoor power line channel}, 
year={2009}, 
volume={}, 
number={}, 
pages={13-19}, 
ISSN={}, 
month={Mar.},}

@INPROCEEDINGS{Valencia:B_PLC_Channels, 
	author={J. Valencia and T. R. Oliveira and F. J. A. Andrade and M. V. Ribeiro}, 
	booktitle={Proc. IEEE Int. Symp. on Power Line Commun. Appl.}, 
	title={Statistical analysis of {B}razilian in-home {PLC} channels: first results}, 
	year={2014}, 
	volume={}, 
	number={}, 
	pages={127-131},  
	month={Mar.}}

@ARTICLE{Galli:indoor, 
	author={S. Galli and T. Banwell}, 
	journal={IEEE Trans. Power Del.}, 
	title={A novel approach to the modeling of the indoor power line channel-part II: transfer function and its properties}, 
	year={2005}, 
	volume={20}, 
	number={3}, 
	pages={1869-1878},  
	month={Jul.} }

@manual{GaGe:wavegen,
	author = {Gage},
	title  = {Arbitrary waveform generator data-sheet},
	url    = {http://www.gage-applied.com/arbitrary-waveform-generators/GaGe-AWG-CG4300-4302-PCI-Data-Sheet.pdf},
	note   = {Accessed in Feb. 2018}}

@manual{GaGe:digitizer,
	author = {Gage},
	title  = {Arbitrary waveform generator data-sheet},
	url    = {http://www.gage-applied.com/digitizers/GaGe-Digitizer-RazorExpressCS-PCIe-Data-Sheet.pdf},
	note   = {Accessed in Feb. 2018}}

@article{Coupling:PLC,
	author = {L. G. da Silva Costa, A. C. M. de Queiroz, B. Adebisi, V. L. R. da Costa and M. V. Ribeiro},
	title = {Coupling for power line communications: a survey},
	journal = {J. Commun. Inf. Syst.},
	year = {2017},
	volume = {32},
	number = {1} }

@ARTICLE{Moises:OFDM, 
	author={M. V. Ribeiro and G. R. Colen and F. V. P. De Campos and Z. Quan and H. V. Poor}, 
	journal={IET Communications}, 
	title={Clustered-orthogonal frequency division multiplexing for power line communication: when is it beneficial?}, 
	year={2014}, 
	volume={8}, 
	number={13}, 
	pages={2336-2347}, 
	month={Sep.} }

@article{vote,
	title = {Decision combination in multiple classifier systems},
	journal = {IEEE Trans. Pattern Anal. Mach. Intell.},
	author = {T. K. Ho and J. J. Hull and S. N. Srihari},
	volume = {16},
	number = {1},
	pages = {66-75},
	year = {1994},
	month = {Jan.} }

@INPROCEEDINGS{Dorea:Sim, 
	author={C. C. Y. Dorea and C. R. Goncalves and P. A. A. Resende}, 
	booktitle={Proc. World Congress on Engineering and Computer Science}, 
	title={Simulation results for markov model seletion: {AIC, BIC and EDC}}, 
	year={2014}, 
	volume={2}, 
	number={}, 
	pages={899–901}, 
	month={Oct.}}

@article{Cabral:Multi,
	title = {Multivariate measurement error models using finite mixtures of skew-{S}tudent t distributions},
	journal = {Journal of Multivariate Analysis},
	author = {C. R. B. Cabral and V. H. Lachos and C. B. Zeller},
	volume = {124},
	number={},
	pages = {179 - 198},
	year = {2014},
	month = {Feb.} }

@mastersthesis{Andrei:Meas,
	author = {A. Camponogara}, 
	title = {Measurement and characterization of aircraft {PLC} channels},
	school = {Federal University of Juiz de Fora},
	month = {Aug.},
	year = {2016}}

@article{Luis:AI,
	author = {L. G. S. Costa and G. R. Colen and A. C. M. {de Queiroz} and V. L. R. {da Costa} and U. R. C. Vitor and F. {dos Santos} and M. V. Ribeiro},
	title = {Access impedance in {B}razilian in-home, broadband and low-voltage electric power grids},
	journal = {Electric Power Systems Research},
	year = {2018},
	volume = {},
	number = {},
	month = {},
	pages = {},
    note = {to be published}}

@book{mitra,
	author = {Sanjit K. Mitra}, 
	title = {Digital Signal Processing: A Computer-Based Approach},
    edition = {3rd},
	pages = {790-801},
	publisher = {McGraw-Hill},
	year = {2006},
    month = {Jan.}
}

@book{spline,
	author = {R. H. Bartels and J. C. Beatty and B. A. Barsky}, 
	title = {An Introduction to Splines for Use in Computer Graphics and Geometric Modelling},
	pages = {9-17},
	publisher = {Morgan Kaufmann},
	year      = {1998}
}

@article{Thiago:Characterization,
	title = {Characterization of {B}razilian in-home power line channels for data communication},
	journal = {Electric Power Systems Research},
	volume = {150},
	pages = {188-197},
	year = {2017},
	author = {T. R. Oliveira and A. A. M. Picorone and S. L. Netto and M. V. Ribeiro},
	number={},
	month={Sep.}}

@ARTICLE{Gardner:Interpolation, 
	author={F. M. Gardner}, 
	journal={IEEE Trans, Commun.}, 
	title={Interpolation in digital modems. i. fundamentals}, 
	year={1993}, 
	volume={41}, 
	number={3}, 
	pages={501-507}, 
	month={Mar.}}


@INPROCEEDINGS{Hanzo:OFDMSync, 
	author={T. Keller and L. Hanzo}, 
	booktitle={Proc. IEEE Int. Symp. on Personal, Indoor and Mobile Radio Communications}, 
	title={Orthogonal frequency division multiplex synchronization techniques for wireless local area networks}, 
	year={1996}, 
	volume={3}, 
	number={}, 
	pages={963-967}, 
	month={Oct.} }

@article{Thiago:FR,
	author = {T. R. Oliveira and C. A. G. Marques and W. A. Finamore and S. L. Netto and M. V. Ribeiro},
	title = {A methodology for estimating frequency responses of electric power grids},
	journal = {Journal of Control, Automation and Electrical Systems},
	year = {2014},
	volume = {25},
	number = {6},
	mouth = {Dec.},
	pages = {720-731} }

@INPROCEEDINGS{Cardoso:CEzeropad, 
	author={D. F. Cardoso and F. D. Backx and R. Sampaio-Neto}, 
	booktitle={Proc. Int. Symp. on Wireless Pervasive Computing}, 
	title={Improved pilot-aided channel estimation in zero padded {MC-CDMA} systems}, 
	year={2009}, 
	volume={}, 
	number={}, 
	pages={1-5}, 
	month={Feb.}}

@INPROCEEDINGS{Ouzzif:CP, 
	author={M. Ouzzif and J. Le Masson}, 
	booktitle={Proc. IEEE Int. Symp. on Power Line Commun. Appl.}, 
	title={Statistical analysis of the cyclic prefix impact on indoor {PLC} capacity}, 
	year={2009}, 
	volume={}, 
	number={}, 
	pages={285-289},  
	month={Mar.} }

@ARTICLE{Canete:AIPLC, 
	author={F. J. C. Corripio and J. A. C. Arrabal and L. D. del Rio and J. T. E. Munoz}, 
	journal={IEEE J. Sel. Areas Commun.}, 
	title={Analysis of the cyclic short-term variation of indoor power line channels}, 
	year={2006}, 
	volume={24}, 
	number={7}, 
	pages={1327-1338}, 
	month={Jul.} }
    
@article{Colen:TCRA,
author = {G. R. Colen and H. Schettino and D. Fernandes and L. M. Sirimarco and F. P. V. Campos and W. A. Finamore and H. A. Latchman and M. V. Ribeiro},
journal = {Trans. Emerging Tel. Tech.},
title = {A temporal compressive resource allocation technique for complexity reduction in {PLC} transceivers},
year={2015},
volume = {28},
number = {2},
pages = {e2951},
month={May} }

@book{ENA,
	author = {S. D. Conte and C. De Boor}, 
	title = {Elementary Numerical Analysis: An Algorithmic Approach},
    edition = {3rd},
	pages = {286-293},
	publisher = {McGraw-Hill},
	year = {1980},
    month = {Mar.}
}

@ARTICLE{CS1, 
author={S. A. Dyer and J. S. Dyer}, 
journal={IEEE Instrumentation Measurement Magazine}, 
title={Cubic-spline interpolation. 1}, 
year={2001}, 
volume={4}, 
number={1}, 
pages={44-46}, 
month={Mar.}}

@ARTICLE{RayleighPLC, 
author={A. Mathur and M. R. Bhatnagar and B. K. Panigrahi}, 
journal={IEEE Communications Letters}, 
title={{PLC} Performance Analysis Over Rayleigh Fading Channel Under Nakagami- $m$ Additive Noise}, 
year={2014}, 
volume={18}, 
number={12}, 
pages={2101-2104}, 
month={Dec.}}

@ARTICLE{HSOFDM, 
author={M. V. Ribeiro and G. R. Colen and F. V. p. De Campos and Z. Quan and H. V. Poor}, 
journal={IET Communications}, 
title={Clustered-orthogonal frequency division multiplexing for power line communication: when is it beneficial?}, 
year={2014}, 
volume={8}, 
number={13}, 
pages={2336-2347}, 
month={Sep.}}

@ARTICLE{ZEDDAM, 
author={M. Tlich and A. Zeddam and F. Moulin and F. Gauthier}, 
journal={IEEE Transactions on Power Delivery}, 
title={Indoor Power-Line Communications Channel Characterization up to 100 MHz - Part II: Time-Frequency Analysis}, 
year={2008}, 
volume={23}, 
number={3}, 
pages={1402-1409}, 
month={Jul.}}

@ARTICLE{Picorone, 
author={A. A. M. Picorone and T. R. Oliveira and M. V. Ribeiro}, 
journal={IEEE Latin America Transactions}, 
title={{PLC} Channel Estimation Based on Pilots Signal for {OFDM} Modulation: A Review}, 
year={2014}, 
volume={12}, 
number={4}, 
pages={580-589}, 
month={Jun.}}

@article{thiago:hyb,
	author = {T. R. Oliveira and F. J. A. Andrade and A. A. M. Picorone and H. A. Latchman and S. L. Netto and M. V. Ribeiro},
	year = {2016},
	month = {Sep.},
	pages = {224},
	title = {Characterization of Hybrid Communication Channel in Indoor Scenario},
	volume = {31},
	booktitle = {Journal of Communication and Information Systems}
}

@article{thiago:hyb2,
	title = {On the statistical characterization of hybrid PLC-wireless channels},
	journal = {Electric Power Systems Research},
	volume = {163},
	pages = {329 - 337},
	year = {2018},
	author = {T. R. Oliveira and A. A.M. Picorone and C. B. Zeller and S. L. Netto and M. V. Ribeiro}
}

@phdthesis{thiago:doc,
	author = {T. R. Oliveira}, 
	title = {The characterization of hybrid {PLC}-wireless and {PLC} channels in the frequency band between 1.7 and 100 MHz for data communication},
	school = {Federal University of Juiz de Fora},
	month = {Mar.},
	year = {2015}}
}

@phdthesis{Luis:doc,
	author = {L. G. S. Costa}, 
	title = {Non-Adaptive and Adaptive Coupling Circuits for Power Line Communication System},
	school = {Federal University of Juiz de Fora},
	month = {Sep.},
	year = {2017}}
}

@INPROCEEDINGS{zeddam1, 
	author={A. Mascco and F. Gauthier and M. Tlich and P. Pagani and A. Zeddam}, 
	booktitle={Proc. Fourth Workshop on Power Line Communications (Applications in Networking and Smart Grid)}, 
	title={Two Models for the Stationary Noise Measured on Indoor {PLC} Lines up to 500 MHz}, 
	year={2010}, 
	volume={}, 
	number={}, 
	pages={22-25},  
	month={Sep.} 
}

@ARTICLE{mateus:2018, 
	author={M. d. L. Filomeno and G. R. Colen and L. G. de Oliveira and M. V. Ribeiro}, 
	journal={IEEE Systems Journal}, 
	title={Two-Stage Single-Relay Channel Model for In-Home Broadband PLC Systems}, 
	year={2018}, 
	volume={}, 
	number={}, 
	pages={1-11}, 
	month={}
}

@ARTICLE{Michelle2016,
	author = {M. S. P. Facina and H. A. Latchman and H. V. Poor and M. V. Ribeiro},
	journal = {IEEE Trans. Commun.},
	title = {Cooperative in-home power line communication: analyses based on a measurement campaign},
	year = {2016},
	month = {Feb.},
	volume = {64},
	number = {2},
	pages = {778-789}
}

@ARTICLE{Roberto2015,
	author = {Oliveira, R. M. and Facina, M. S. P. and Ribeiro, M. V. and Vieira, A. B.},
	journal = {Computer Networks},
	title = {Performance evaluation of in-home broadband {PLC} systems using a cooperative MAC protocol},
	year = {2015},
	month = {Dec.},
	volume = {95},
	number = {},
	pages = {62-76}
}

@inproceedings{Sayed2014,
	author    = {Sayed, M. and Al-Dhahir, N.},
	title     = {Narrowband-{PLC}/wireless diversity for smart grid communications},
	booktitle = {Proc. IEEE Global Commun. Conf.},
	year      = {2014},
	month     = {Dec.},
	pages     = {2966-2971}
}

@INPROCEEDINGS{Sayed2015,
	author = {M. Sayed and G. Sebaali and B. L. Evans and N. Al-Dhahir},
	booktitle={Proc. IEEE Int. Conf. Smart Grid Commun.}, 
	title = {Efficient diversity technique for hybrid narrowband-powerline/wireless smart grid communications},
	year = {2015},
	month = {Nov.},
	volume = {},
	number = {},
	pages = {1-6}
}

@phdthesis{Guze,
	author = {S. G\"{u}zelg\"{o}z}, 
	title = {Characterizing wireless and powerline communicarion channels with applications to smart grid networks},
	school = {University of South Florida},
	month = {Apr.},
	year = {2011}}
}

@ARTICLE{IEEEWI, 
	author={}, 
	journal={IEEE Std 802.11-2016 (Revision of IEEE Std 802.11-2012)}, 
	title={IEEE Standard for Information technology--Telecommunications and information exchange between systems Local and metropolitan area networks--Specific requirements - Part 11: Wireless LAN Medium Access Control (MAC) and Physical Layer (PHY) Specifications}, 
	year={2016}, 
	volume={}, 
	number={}, 
	pages={1-3534}, 
	month={Dec.}
}

@INPROCEEDINGS{Patel, 
	author={D. Patel and M. Won}, 
	booktitle={Proc. 2017 IEEE 85th Vehicular Technology Conference (VTC Spring)}, 
	title={Experimental Study on Low Power Wide Area Networks (LPWAN) for Mobile Internet of Things}, 
	year={2017}, 
	volume={}, 
	number={}, 
	pages={1-5}, 
	ISSN={}, 
	month={June}
}

@inproceedings{Andrey2016, 
	author	  = {Camponogara, A. and Oliveira, T. R. and W. A. Finamore and Campos, F. P. V. and Ribeiro, M. V.},
	title     = {Aircraft {PLC} Channels Characterization: Initial Discussion},
	booktitle = {Proc. XXXIV Simp\'{o}sio Brasileiro de Telecomunica\c{c}\~{o}es}, 
	year	  = {2016},
	month	  = {Sep.},
	pages	  = {839-842}
}

@ARTICLE{COST, 
	author={L. Liu and C. Oestges and J. Poutanen and K. Haneda and P. Vainikainen and F. Quitin and F. Tufvesson and P. D. Doncker}, 
	journal={IEEE Wireless Communications}, 
	title={The COST 2100 MIMO channel model}, 
	year={2012}, 
	volume={19}, 
	number={6}, 
	pages={92-99}, 
	month={Dec.}
}

@article{802.15,
	author = {Andreas F. Molisch and Kannan Balakrishnan and Chia-chin Chong and Shahriar Emami and Andrew Fort and Johan Karedal and Juergen Kunisch and Hans Schantz and Ulrich Schuster and Kai Siwiak},
	year = {2004},
	month = {Jan.},
	pages = {},
	title = {{IEEE} 802. 15. 4a channel model-final report},
	volume = {15},
	journal = {IEEE P802}
}

@techreport{Hiperlan2,
	author        = {J. Medbo and P. Schramm},
	title         = {Channel models for HIPERLAN/2 in different indoor scenarios},
	institution   = {ETSI EP},
	address       = {BRAN Meeting $\#$ 3},
	type          = {Technical Report 3ERI085B},
	month         = {Mar.},
	year          = {1998}
}

@ARTICLE{Victor2017, 
	author = {V. Fernandes and W. A. Finamore and H. V. Poor and M. V. Ribeiro}, 
	journal = {IEEE Systems Journal}, 
	title = {The Low-Bit-Rate Hybrid Power Line/Wireless Single-Relay Channel}, 
	year = {2017},
	month = {},
	volume = {PP}, 
	number = {99}, 
	pages = {1-12}
}

@inproceedings{Holden2011,
	author    = {T. Holden and J. Yazdani},
	title     = {Hybrid security for hybrid vehicles exploring smart grid technology, powerline and wireless communication},
	booktitle = {Proc. IEEE PES Int. Conf. and Exhibition on Innov. Smart Grid Technol.},
	year      = {2011},
	month     = {Dec.},
	pages     = {1-5}
}

@ARTICLE{Mischa, 
	author={M. Schwartz}, 
	journal={IEEE Communications Magazine}, 
	title={Carrier-wave telephony over power lines: Early history [History of Communications]}, 
	year={2009}, 
	volume={47}, 
	number={1}, 
	pages={14-18}, 
	month={Jan.}
}

@INPROCEEDINGS{GSM, 
author={G. Gu and G. Peng}, 
booktitle={Proc. 2010 International Conference on Computer and Information Application}, 
title={The survey of GSM wireless communication system}, 
year={2010}, 
volume={}, 
number={}, 
pages={121-124}, 
month={Dec.}
}	

@article{unif_phase,
	author = {Lee, Jong-Ho and Park, Ji-Hoon and Lee, Hyun-Suk and Leett, Gi-Won and Kim, Seong-Cheol},
	journal={}, 
	year = {2019},
	month = {Apr.},
	pages = {},
	title = {Measurement, modeling and simulation of power line channel for indoor high-speed data communications}
}